@article{bleepbleep,
  title={Stan: A probabilistic programming language},
  author={Carpenter, Bob and Gelman, Andrew and Hoffman, Matthew D and Lee, Daniel and Goodrich, Ben and Betancourt, Michael and Brubaker, Marcus and Guo, Jiqiang and Li, Peter and Riddell, Allen},
  journal={Journal of statistical software},
  volume={76},
  number={1},
  year={2017},
  publisher={Columbia Univ., New York, NY (United States); Harvard Univ., Cambridge, MA~â€¦}
}
@article{betancourt2017conceptual,
  title={A conceptual introduction to Hamiltonian Monte Carlo},
  author={Betancourt, Michael},
  journal={arXiv preprint arXiv:1701.02434},
  year={2017}
}
@article{so1999bayesian,
  title={Bayesian unit-root testing in stochastic volatility models},
  author={So, Mike KP and Ll, WK},
  journal={Journal of Business \& Economic Statistics},
  volume={17},
  number={4},
  pages={491--496},
  year={1999},
  publisher={Taylor \& Francis}
}
@book{tsay2005analysis,
  title={Analysis of financial time series},
  author={Tsay, Ruey S},
  year={2005},
  publisher={John wiley \& sons}
}
@article{benjamin2019three,
  title={Three recommendations for improving the use of p-values},
  author={Benjamin, Daniel J and Berger, James O},
  journal={The American Statistician},
  volume={73},
  number={sup1},
  pages={186--191},
  year={2019},
  publisher={Taylor \& Francis}
}
@article{del2006sequential,
  title={Sequential monte carlo samplers},
  author={Del Moral, Pierre and Doucet, Arnaud and Jasra, Ajay},
  journal={Journal of the Royal Statistical Society: Series B (Statistical Methodology)},
  volume={68},
  number={3},
  pages={411--436},
  year={2006},
  publisher={Wiley Online Library}
}
@book{gelman1995bayesian,
  title={Bayesian data analysis},
  author={Gelman, Andrew and Carlin, John B and Stern, Hal S and Rubin, Donald B},
  year={1995},
  publisher={Chapman and Hall/CRC}
}
@article{johnson2010use,
  title={On the use of non-local prior densities in Bayesian hypothesis tests},
  author={Johnson, Valen E and Rossell, David},
  journal={Journal of the Royal Statistical Society: Series B (Statistical Methodology)},
  volume={72},
  number={2},
  pages={143--170},
  year={2010},
  publisher={Wiley Online Library}
}
